2948 4628
373 275 865 372 PRAEFATIO·

140 459 253 536 eidem
268 456 447 534 dedicatos
461 456 625 556 opinatur
642 455 702 536 sub
720 457 792 532 fine
807 459 831 532 l.
853 479 909 532 rr.
925 482 958 533 c.
969 475 1106 556 acom-

139 583 252 636 ment.
278 561 313 630 in
339 558 543 653 Vegetium.
596 557 692 628 Nam
726 560 868 632 Nervae
899 581 940 630 ac
961 563 1106 657 Traiani

138 656 361 754 temporibus
377 657 560 752 praecipue
576 655 612 728 in
631 657 746 752 pretio
763 655 852 749 fuit,
877 657 972 756 quod
991 657 1029 732 ὃ(
1046 661 1109 733 ali·

141 759 179 834 bi
199 756 449 831 Volaterranos
465 776 693 833 commentar.
707 754 841 828 Urban.
858 757 919 830 lib.
933 771 1108 832 xvr.non

140 861 290 933 obscure
316 853 532 938 subindicat,
557 850 594 924 ὃ(
620 855 680 952 qui
700 872 812 928 totam
838 853 928 929 hane
951 855 1107 932 nostram

141 959 241 1032 litem
259 977 333 1028 uno
349 953 432 1026 loco
450 949 608 1025 urserat:
635 954 748 1046 Julius
771 956 939 1028 Frontinus
961 957 1007 1028 ud
1020 951 1107 1029 Tru-

129 1059 250 1153 janum
271 1055 366 1126 libros
388 1057 524 1149 quatuor
541 1047 796 1148 strategematum
812 1053 936 1148 scripsit
954 1103 966 1142 ,
981 1093 985 1100 ·
1001 1055 1045 1136 ἐξ
1069 1057 1107 1130 do

140 1162 247 1252 Aquis
263 1155 362 1224 urbis.
403 1151 487 1224 Nec
505 1147 591 1222 alius
609 1149 772 1223 Frontini
791 1155 1007 1226 mentionem
1027 1153 1105 1228 fieri

141 1255 233 1354 apud
252 1253 416 1347 antiquos
431 1267 545 1346 puto,
562 1271 675 1348 guam
692 1249 794 1320 unius
807 1245 1105 1347 ejusdemqueno·

139 1353 222 1443 stri,
247 1351 308 1448 qui
326 1351 620 1446 strategematum
638 1349 829 1438 nimirum,
856 1350 1106 1447 Aquarumque

136 1449 274 1526 libellos
288 1443 483 1546 congeffita
509 1441 547 1516 ὅ(
573 1449 672 1543 cujus
695 1447 889 1518 etiamnum
912 1443 1108 1543 fragmenta

138 1551 268 1626 restant
293 1547 339 1642 de
368 1543 610 1638 Qualitatibus
640 1546 850 1646 Agrorum,
889 1543 1107 1644 Limitibus,

117 1652 324 1750 ,maximam
349 1663 483 1740 partem
508 1643 631 1716 murila
653 1667 694 1718 ac
717 1643 1012 1742 inquinatissima,
1045 1672 1106 1722 va·
1152 1673 1155 1682 ·

136 1750 264 1843 riisque
280 1741 425 1818 consuta
440 1741 638 1840 segmentis.
685 1741 835 1840 Scripfit
852 1743 944 1816 idern
968 1743 1012 1814 de
1029 1743 1105 1818 co-

138 1845 242 1918 loniis
270 1839 502 1942 opusculum,
526 1838 579 1912 sed
607 1841 704 1940 quod
725 1841 833 1914 hodie
853 1839 1024 1914 diversum
1043 1865 1105 1916 ex·

135 1944 304 2035 bibetur,
329 1963 370 2013 ac
385 1937 536 2037 ejusdem
553 1939 683 2014 farinae
697 1937 900 2040 fragmentis
914 1941 1106 2040 interpola·

134 2064 238 2136 tum,
264 2041 309 2118 ab
327 2037 547 2138 Ampliffimo
572 2040 661 2114 Viro
680 2041 720 2112 P.
731 2041 928 2132 Scutario,
955 2063 1104 2114 cumre-

129 2143 236 2242 liquis
256 2144 409 2238 primunr
424 2161 469 2212 ex
490 2137 698 2213 membranis
722 2137 869 2215 editum.
918 2137 1106 2214 Falluntur'

132 2245 240 2315 etiam
255 2241 335 2330 iili,
356 2241 417 2339 qui
433 2238 579 2312 ulterius
593 2237 852 2337 disquirendum
868 2239 1104 2332 contendunt,
1122 2235 1126 2240 ’

135 2360 181 2407 an
204 2337 366 2410 Urbanus
391 2337 448 2408 iile
474 2339 638 2427 Praetor,
663 2339 765 2431 cujus
789 2337 943 2408 Tacitus
964 2335 1027 2408 lib.
1048 2358 1104 2408 tv.

135 2431 374 2506 Historiarum
394 2434 576 2518 meminit,
599 2436 641 2504 ad
666 2431 865 2528 Vespasiani
886 2435 934 2505 sl.
960 2432 997 2502 δι
1021 2433 1106 2504 Titi

136 2525 1109 2623 consulatum,quiinannumUrbisinciditrocccxxrrt.

135 2627 229 2702 idem
247 2650 330 2700 cum
350 2623 470 2697 nostro
485 2623 660 2696 Frontino
681 2622 743 2696 stt:
771 2647 874 2721 quam
902 2625 941 2700 ie
964 2625 1107 2720 opinio·

133 2751 215 2801 nem
239 2750 312 2800 non
334 2726 502 2824 exiguum
536 2719 734 2822 scrupulum
770 2719 939 2822 plerisque
960 2723 1103 2821 quidem

132 2849 205 2900 non
226 2825 452 2904 mediocriter
470 2818 583 2894 noetis
606 2821 757 2922 injecisse
779 2825 936 2898 memini.
987 2824 1104 2896 Nunc'

131 2925 311 3000 audiamus
335 2921 504 2996 Catulum
529 2921 718 3020 Sigonium
744 2920 886 3018 Syllabo
912 2919 1103 2996 historico·

132 3047 213 3096 rum
228 3025 495 3098 Romanorum:
526 3019 614 3100 Sext„
630 3021 743 3114 Julius
764 3021 933 3094 Frontinus
942 3109 945 3118 ¹
947 3021 1103 3122 strategu-

131 3140 257 3196 mutum
271 3125 367 3196 libros
381 3119 574 3217 conscripsti,
596 3121 630 3191 in
645 3123 756 3214 quibus
767 3143 807 3192 err
824 3117 962 3192 omuibus
977 3117 1101 3212 histori-

128 3227 176 3319 cis
189 3225 330 3316 exemplu
344 3224 380 3294 irr
394 3234 490 3294 certos
503 3220 580 3290 socos
594 3217 747 3316 destinata
763 3215 869 3312 (valet
894 3217 1052 3312 distiuiiu)
1065 3239 1101 3292 e·

130 3337 280 3396 numerat
291 3317 422 3417 copiose,
448 3317 491 3398 &
504 3337 618 3414 magna
635 3340 704 3390 cum
721 3317 881 3390 utilitato:
906 3317 976 3388 iicet
994 3319 1102 3409 plora.
1217 3365 1221 3378 ,

132 3443 190 3515 quo
212 3423 417 3494 librariorum
439 3437 542 3490 erroro
563 3419 663 3509 inepte
678 3421 748 3512 stru
769 3417 928 3510 repetita„
964 3415 1105 3492 Nervae

133 3517 176 3598 &
193 3513 328 3613 trajam·
340 3517 527 3610 temporibus
541 3517 638 3587 vixit.
680 3512 784 3608 Quae
801 3511 1034 3608 verbotenus,
1058 3534 1101 3590 ut

131 3615 343 3708 musantia,
371 3613 444 3714 iuer
467 3617 550 3720 ugit
572 3609 652 3694 ἔπος
671 3614 707 3688 in
722 3613 820 3689 suum
835 3629 1038 3711 apparatum
1056 3613 1106 3689 ad

132 3716 296 3786 omnium
321 3717 481 3814 gentium
505 3711 683 3790 historiam
709 3711 884 3788 transtulit
920 3711 1104 3787 Antonius

130 3811 359 3908 Passerinus,
382 3813 474 3891 sut,
501 3833 581 3890 rra.
605 3835 683 3912 cap.
706 3833 743 3910 4.
790 3809 981 3888 Caeterum
1001 3796 1108 3982 qupg
