2948 4628
495 313 1202 458 AndeToRuM‹

354 492 388 566 ti
405 488 528 567 varias
544 482 753 578 ledriones,
775 509 799 562 a
813 508 878 562 me
887 465 1159 559 Gruterdias
1176 479 1310 564 dicias,

357 591 452 676 Usui
468 588 832 696 etiamquandoque
848 583 1108 690 fuitVofflana
1123 589 1311 682 collatio,
1450 627 1458 670 ς

356 729 475 810 quam
502 697 636 812 passim
662 695 795 780 laudat
813 696 1061 796 *Tennullus‚
1091 725 1310 805 quamque,
1399 781 1403 790 ,

355 809 486 894 nescio
508 809 556 891 ad
572 835 691 916 quem
702 870 711 900 ‚
723 807 949 890 Gudianum
965 805 1114 900 forsan,
1132 809 1314 891 codicem
1457 793 1458 806 Ν

280 951 282 961 ’
355 915 589 1010 institutam,
621 913 698 1026 ipse
715 913 765 1013 Js.
783 911 936 998 voffius
963 923 1003 998 in
1028 915 1189 1000 ultimae
1212 921 1315 998 Seti-

356 1033 453 1110 vetii
482 1027 667 1109 editionis
694 1029 867 1136 margine
883 1025 1118 1118 adnotavit,
1149 1027 1194 1110 &
1222 1024 1314 1106 inde

357 1133 588 1248 descriptam
605 1132 768 1248 poffidet
796 1157 954 1241 quoque
982 1132 1246 1244 Amplissrmus
1272 1129 1317 1217 δι

357 1249 523 1328 eximius
539 1253 598 1326 vir
608 1245 725 1326 Corn.
742 1239 1101 1346 Bynkershoekius,
1118 1243 1316 1356 supremae

357 1361 400 1438 in
428 1357 580 1438 Batavis
607 1355 746 1438 Curiae
774 1349 948 1446 Praeses,
987 1354 1316 1464 Jurisp'rudentiae

357 1460 1315 1568 decus&ornamentum‚quieambenevolemihi
1456 1562 1458 1573 1

357 1570 635 1684 inspiciendam
652 1567 765 1652 mifit.
803 1571 1072 1680 Utrorumque
1090 1569 1233 1655 horum
1249 1587 1316 1654 ex·
1455 1646 1458 1655 ,

336 1704 582 1792 -cetptorum
609 1677 848 1794 autographa
872 1687 912 1762 in
928 1676 1174 1792 Lugdunenli
1193 1667 1317 1762 adser-

358 1807 498 1874 vantur
513 1789 765 1874 bibliotheca.
821 1793 924 1872 Deni
955 1819 1003 1873 ue
1020 1787 1231 1898 Regiorum
1248 1815 1315 1870 co·

358 1897 510 1992 dicum,
530 1907 699 2008 quorum
715 1897 765 1982 ad
782 1905 907 2009 prima
922 1817 1171 1982 solummodo
1189 1904 1318 2010 capita

358 2015 603 2092 mentionem
621 2014 719 2102 feci,
749 2015 874 2093 varias
889 2005 1081 2091 lediiones
1098 2005 1328 2118 speciminis·

358 2108 830 2200 locoflafniananorum
847 2117 897 2200 ad
913 2144 977 2198 me
994 2123 1099 2200 mitti
1117 2137 1318 2202 curaverat

361 2225 641 2310 Eruditissimus
667 2225 929 2320 Grammius,
957 2246 1105 2308 ceteras
1132 2225 1223 2307 dein
1250 2223 1318 2306 de·

359 2329 576 2446 scripturus.
642 2337 767 2445 Quod
803 2357 1013 2443 antequam
1047 2339 1108 2418 vir
1145 2340 1318 2448 optimus

360 2444 547 2555 praestare
575 2453 723 2559 potuit,
753 2453 794 2528 in
812 2441 1020 2528 miserabili
1036 2439 1242 2528 Hafnienst
1260 2449 1320 2524 in·

362 2553 783 2666 cendioillaexcerpta,
795 2551 963 2636 flammis
974 2551 1186 2642 consumta
1198 2559 1319 2660 perie-

361 2685 460 2742 runt.
518 2671 575 2746 Ea
590 2687 720 2742 autem
736 2689 787 2739 ex
805 2659 1000 2741 Parifienfi
1017 2659 1256 2740 bibliotheca
1272 2665 1320 2741 A.

364 2773 410 2850 C.
430 2793 587 2850 Muccv.
614 2761 876 2878 depromserat
891 2763 1156 2850 Nobilissimus
1177 2763 1222 2848 δι
1237 2771 1319 2848 Do·
1462 2743 1463 2818 l

363 2871 1133 2980 diiffimusjuvenisNicolausBentzon,
1162 2882 1228 2981 qui
1247 2903 1319 2956 no·

308 3069 313 3079 ,
361 3011 453 3066 vam
464 2988 638 3067 Frontini
659 2985 872 3068 editionem
888 2981 925 3067 se
941 2983 1217 3066 adornamrum
1233 2983 1320 3096 pol:
1455 3057 1463 3085 4

365 3091 514 3186 licitus,
566 3101 758 3175 inmatura
793 3114 943 3187 morte,
984 3117 1037 3191 25
1066 3117 1191 3176 annos
1227 3115 1323 3176 natu

287 3201 299 3214 “
363 3199 496 3314 paullo
513 3210 661 3307 major,
674 3203 912 3284 Hafniae'A.
925 3227 1099 3285 Mocctx.
1115 3199 1322 3285 exstrueus

364 3309 429 3392 est.
486 3315 615 3416 Hujus
642 3335 774 3394 tamen
797 3311 972 3415 jaduae
1000 3320 1128 3396 vicem
1147 3305 1320 3423 supplere
1462 3393 1463 3400 a

419 3415 519 3500 liunt
546 3404 834 3512 vetustissimae,
865 3418 961 3527 quas
976 3413 1239 3503 in'constlium
1256 3420 1321 3500 'ad-

395 3526 494 3622 ibui,
524 3531 737 3624 editionem
767 3555 931 3638 quarum
946 3538 1070 3642 prima
1090 3521 1251 3632 inp'relsa
1267 3525 1321 3609 est

364 3643 522 3736 Romae
539 3641 588 3722 A.
598 3640 644 3725 C.
661 3663 861 3721 Mcuxcrv.
888 3667 956 3752 per
973 3635 1245 3724 Venerabilem
1264 3644 1322 3718 vi,

1234 3771 1322 3830 rum
