2948 4628
541 268 602 372 „S·
623 270 659 367 J.
684 271 943 346 Frtortrtnr
970 269 1103 344 Vtra

349 479 379 529 „
404 429 567 534 agarem,
592 433 661 504 alio
678 429 801 506 deiude
816 431 853 503 in
869 430 952 504 loco
971 453 1152 530 perperam
1172 425 1314 525 scripio

350 583 377 626 „
403 557 440 605 re
456 535 693 633 meginun:
711 553 799 629 quos
815 529 873 603 ille
887 555 969 603 cum
987 531 1238 630 reprehendere
1253 529 1314 600 ded

350 641 377 731 ,',
403 633 591 720 bulllet,in
609 631 714 702 alium
732 629 764 700 l'e
782 652 933 701 errorem
952 627 1110 728 abripere
1125 629 1315 728 paffusest,

351 780 378 824 „
404 753 445 806 ut
460 754 568 803 unum
586 748 691 826 atque
706 727 855 802 eundem
871 727 937 801 elle
955 729 1112 821 Virum,
1135 729 1318 816 crederet,

349 877 380 922 η
405 853 508 924 quern
527 827 726 918 AElianus,
753 827 945 919 Martialis,
972 829 1047 900 Dio
1071 828 1180 902 modo
1201 828 1321 899 Fron-s

350 939 378 1023 ,',
405 929 541 1015 tinum,
567 925 645 998 alias
665 925 884 1000 Frontonem
909 925 1098 1001 vocaffent.
1149 927 1217 1002 Sed
1233 922 1317 998 faci·

351 1075 380 1124 „
403 1023 470 1098 lior
481 1025 644 1097 nimirum
656 1024 899 1098 fuitArcerius
907 1026 1011 1116 iniis,
1028 1050 1117 1125 quos
1127 1025 1319 1122 distingue·

351 1173 380 1217 „
405 1145 442 1194 re
457 1123 665 1221 oportebat,
682 1117 961 1222 confundendis,
977 1125 1075 1198 velut
1090 1123 1218 1197 ibidem
1235 1145 1318 1196 cum

351 1271 380 1316 „
407 1221 505 1294 illum
531 1245 672 1320 quoque
682 1221 923 1314 Frontinum,
948 1221 1009 1320 qui
1027 1224 1063 1296 in
1080 1223 1207 1296 Galeni
1226 1223 1320 1294 libro

352 1369 381 1416 „
405 1321 534 1395 ultimo
549 1321 803 1394 Remediorutn
823 1321 915 1395 autri
933 1327 1042 1404 eim
1066 1320 1189 1411 semel,
1214 1340 1319 1490 atpsue

351 1470 380 1514 „
405 1421 532 1492 iterum
559 1424 781 1512 nominatur,
814 1419 964 1494 eundern
987 1444 1029 1494 ac
1053 1419 1210 1494 nostrum
1233 1442 1252 1489 e
1279 1439 1340 1510 e,¹

351 1570 379 1616 „
405 1518 555 1598 censuit,
596 1519 688 1592 haud
710 1519 1009 1612 animadvertens,
1046 1519 1177 1591 Heram
1199 1515 1319 1590 Medi·

269 1633 272 1638 ’
351 1668 380 1714 „
405 1639 512 1710 cum,
538 1617 636 1712 eujus
661 1617 822 1714 verbade
837 1613 1009 1692 Frontino
1026 1617 1220 1704 Iscbiadico
1238 1639 1320 1711 pro·

352 1723 381 1812 „
407 1713 475 1789 fert
508 1713 689 1808 Galenus,
723 1733 833 1788 natum
867 1719 924 1812 effe
944 1733 1018 1790 ante
1041 1714 1335 1812 Andromachum,⁸

352 1817 381 1914 „
407 1812 502 1911 quod
518 1811 673 1888 Galenus
697 1812 797 1912 supra
814 1794 938 1890 iffvt.
964 1815 1054 1890 libro
1070 1813 1233 1890 testatur:
1260 1809 1321 1911 qui

352 1965 381 2009 „
406 1911 549 2082 puidem
568 1909 861 2007 Andromachae,
887 1911 912 1988 fi
938 1913 1097 2002 dubites,
1125 1915 1181 1988 ille
1206 1911 1323 1986 senior

352 2062 381 2106 „
423 2013 536 2104 uerit,
569 2015 653 2084 inter
676 2015 837 2103 Neronis,
872 2014 1033 2086 tetidem
1058 2011 1213 2084 Galenus
1238 2007 1322 2082 alibi

352 2161 382 2204 „
407 2107 513 2182 docet
523 2127 544 2202 ,⁸
562 2109 704 2184 Medicas
714 2115 860 2206 primus,
876 2135 918 2186 an
937 2115 1011 2209 ejus
1029 2109 1143 2206 filius,
1161 2111 1196 2180 id
1213 2131 1322 2179 unum

353 2259 383 2304 „
407 2209 615 2306 praestiterit
632 2208 833 2301 attendisse,
859 2207 1066 2282 Cornelium
1083 2229 1226 2306 quoque
1238 2202 1323 2277 Cel-

332 2358 382 2402 „,
409 2302 482 2380 sum
499 2309 614 2380 Herae
633 2307 887 2382 medicamenta
900 2307 957 2385 bir·
970 2305 1184 2380 memorasse.

404 2403 593 2480 XXVIII.
619 2405 795 2499 „Verum
822 2431 885 2480 nor
908 2407 1129 2480 Frontonem
1154 2423 1327 2503 ponamus

352 2503 384 2598 '„
408 2503 448 2576 in
470 2503 590 2578 Dione
640 2501 755 2580 uidem
781 2505 850 2580 elle
874 2504 1084 2605 legendum,
1126 2504 1162 2575 ἃ
1186 2501 1325 2600 quando

292 2655 294 2663 ,
355 2653 384 2696 „
410 2605 450 2678 N
454 2601 576 2678 orisrus
594 2530 644 2677 illi
660 2604 764 2700 hujus
782 2605 985 2678 testimonio
1001 2605 1077 2699 plus
1092 2603 1253 2702 ponderis
1271 2603 1325 2674 in-

353 2753 384 2796 „
409 2700 493 2792 effe,
520 2700 637 2798 postea
653 2693 827 2788 credidit,
854 2703 952 2797 quale
969 2702 1111 2774 demum
1131 2699 1193 2792 stt,
1209 2700 1327 2774 videas

355 2849 385 2892 „
411 2797 506 2872 muts
556 2795 638 2869 Etsi
658 2818 756 2872 totus
782 2798 809 2870 is
832 2797 932 2872 locus
964 2797 1134 2896 ejusmodi
1169 2797 1241 2888 est,
1284 2818 1327 2874 ut

216 2877 220 2885 ⁵
285 2901 291 2922 ¹
356 2893 579 2994 „nonnulla
606 2895 751 2990 habeat,
779 2921 864 2993 quae
881 2898 981 2972 aliter
1006 2898 1049 2973 ab
1075 2900 1149 2971 aliis
1174 2897 1327 2998 intelligi

236 3051 240 3060 .
356 3045 387 3088 „
414 2989 542 3092 pollrnt
552 3003 565 3081 ς
591 2991 627 3066 id
644 3013 762 3068 tamen
779 2993 1002 3093 perspicuum
1018 2997 1087 3089 est,
1104 2999 1324 3072 Frontonem

355 3141 388 3186 ‚,
412 3089 590 3166 consulem
607 3093 698 3166 inter
714 3118 754 3166 ea
770 3098 977 3190 memorari,
1003 3118 1110 3195 quae,
1136 3115 1177 3168 ut
1196 3094 1331 3169 Plinius

359 3239 388 3284 „
413 3188 456 3262 ad
482 3189 703 3282 Quadratum
719 3190 863 3288 scribit,
883 3200 997 3289 primia
1010 3197 1116 3270 diebus
1130 3195 1271 3268 redditae
1287 3197 1330 3266 li·

359 3335 391 3382 „
415 3291 547 3363 bertatis
561 3289 786 3384 acciderunt,
811 3291 848 3366 &
866 3295 962 3390 prius
976 3314 1093 3388 cette,
1107 3317 1208 3389 quam
1229 3293 1271 3366 N
1273 3317 1328 3366 er·

361 3435 390 3480 „
415 3412 458 3462 va
482 3386 553 3486 ipse
578 3413 660 3464 curn
679 3391 849 3492 Virginio
874 3392 979 3470 Rufo
1000 3389 1122 3470 consul
1149 3411 1306 3464 narretur
1314 3422 1331 3478 ᾗ

362 3535 392 3580 „
416 3507 458 3561 ut
500 3491 704 3584 permirum·
724 3494 875 3564 omnino
906 3493 1011 3586 effet,
1053 3491 1258 3566 Panvinium
1292 3489 1330 3562 in

362 3633 393 3679 „
416 3584 691 3663 Commentariis
712 3592 748 3666 in
773 3589 894 3664 Fastos
920 3589 984 3664 suis
1008 3587 1192 3684 scripfiffe,
1217 3587 1331 3661 Fron·

364 3733 396 3778 „
419 3705 539 3760 tonem
557 3711 575 3760 a
594 3687 715 3760 Dione
740 3687 917 3762 consulem
932 3713 1012 3762 anno
1028 3687 1095 3781 post
1110 3684 1238 3782 eccistam
1258 3689 1332 3760 Do-
1429 3701 1435 3712 '

363 3833 392 3880 ,‚
417 3788 585 3862 mitrarum
601 3785 703 3884 fuiffq
714 3787 851 3886 efferri,
874 3784 939 3866 niii
954 3785 1064 3882 teja,
1086 3784 1223 3881 traua,
1242 3804 1330 3954 qipa:
1405 3819 1408 3824 ·

513 3923 523 3944 '
692 3950 696 3959 ,
1214 3931 1246 3977 aa
1319 3963 1329 3978 ,
