2948 4628
590 266 1084 382 uunurnmos

369 473 470 562 cunti,
494 470 609 564 equites
624 470 750 560 pauci,
775 467 916 540 auianum
934 481 1029 564 atque
1049 470 1341 567 inpidimntm

349 571 428 642 ‘nun
445 591 573 664 magnus
596 588 749 637 numerus.
801 563 947 638 Curtius
963 565 986 636 l.
1006 589 1063 644 tx.
1088 595 1123 644 c.
1142 591 1196 646 to.
1220 576 1334 674 Quum

369 671 481 741 Indiae
494 660 667 759 praefecti,
682 667 768 758 stunt
781 679 852 736 erat
868 669 1081 760 imperatum,
1105 693 1250 768 equorum
1267 671 1329 762 jn·

367 783 597 859 memoremque
608 764 769 860 jugalium
792 765 861 834 uim
883 765 1033 860 ingentem
1057 793 1096 839 eu
1117 772 1223 856 omui,
1248 789 1327 860 quur

356 866 421 962 fieb
447 868 572 955 imperio
594 879 686 949 orus,
711 863 829 956 regione
854 863 1031 956 mistffent,
1064 867 1174 962 quibus
1197 864 1327 936 deerant

364 965 601 1056 impedimenta,
623 957 772 1054 restitnit.
826 955 898 1030 Ubi
915 961 988 1056 pari
1007 983 1121 1033 errore
1139 959 1170 1030 F
1171 960 1327 1033 reinshe·

361 1067 452 1134 mius
467 1061 635 1155 conjicit,
659 1056 952 1150 adimprdiinenta:
979 1078 1019 1130 ut
1034 1056 1326 1154 intelliganture·
1431 1095 1433 1100 v

388 1163 423 1231 ui
441 1159 650 1256 &jumenta
666 1153 707 1226 ad
731 1153 980 1248 impedimenta
1005 1153 1172 1226 vehenda.
1222 1155 1324 1249 Quu-

361 1183 390 1331 ἓ
418 1257 455 1328 hi
479 1257 559 1352 equi
591 1255 627 1327 bc
653 1257 809 1351 jumenta
831 1273 901 1323 non
922 1247 989 1322 first
1005 1249 1077 1350 ipsa
1091 1254 1323 1347 inpedimento.

360 1353 509 1428 Tacitus
531 1351 872 1446 1.Annal.cap.4s.
899 1365 935 1420 ut
951 1349 1026 1442 jan
1042 1353 1177 1448 jamque
1197 1357 1321 1446 iturus,
1439 1349 1441 1356 ’

280 1473 284 1484 ·
359 1455 430 1550 legit
445 1459 586 1543 comites,
612 1452 794 1546 aonqnifivit
808 1448 1026 1542 impedimenta
1035 1479 1057 1541 ,¹
1073 1453 1246 1524 adornauit
1260 1477 1321 1526 na·

357 1575 422 1624 ves.
472 1553 562 1624 Non
585 1547 664 1622 sunt
689 1545 862 1638 sarcinae,
889 1565 929 1618 ut
954 1547 1046 1621 idem
1062 1547 1322 1624 Freinshemius

355 1649 620 1746 interpretatur:
650 1647 872 1742 nequeenim
891 1643 966 1717 illae
981 1651 1118 1745 conquiri
1130 1647 1317 1738 dicuntur,

353 1747 410 1821 sed
429 1745 583 1844 jumenta
601 1743 823 1818 &vehiculu
850 1743 1037 1820 Suetonius
1055 1749 1124 1821 hoc
1139 1746 1249 1846 ipsum
1266 1747 1318 1818 di-

356 1849 428 1934 cit,
453 1845 608 1917 vehiculis
632 1839 874 1936 comprobenfis,
907 1867 984 1942 cap.
1005 1844 1060 1942 38.
1112 1845 1237 1920 Eidem
1267 1843 1314 1918 fic

352 1946 597 2036 impedimenta,
631 1939 793 2038 Caligula
814 1963 889 2036 cup.
916 1963 974 2037 51.
994 1965 1121 2041 propere
1141 1945 1250 2043 vrrfirs
1271 1943 1316 2016 ud

345 2059 479 2136 pontes,
504 2057 540 2111 ut
553 2063 601 2111 eos
618 2042 773 2112 calonibus
797 2039 840 2120 &
865 2043 1088 2134 impedimentis
1103 2043 1237 2140 stipatos
1260 2065 1311 2114 ru·

343 2144 441 2234 poris.
467 2139 567 2234 Lege
587 2134 644 2209 28.
662 2135 754 2208 Cod.
773 2135 968 2210 Theodosii
976 2139 1020 2210 de
1028 2143 1234 2236 erogatione
1244 2143 1311 2210 mi*

349 2235 459 2310 lituris
481 2259 654 2309 annonae:
682 2239 720 2307 A
737 2237 985 2308 Provinciarum
1005 2237 1173 2309 reuuibns
1194 2257 1325 2308 carrea·⁴
1452 2297 1453 2307 i

348 2353 422 2424 tur,
447 2355 483 2408 nt
499 2354 565 2407 turn
584 2337 738 2424 numeris,
755 2357 850 2432 quant
857 2330 1018 2431 familiis,
1043 2357 1096 2408 ner
1108 2356 1168 2408 uon
1185 2332 1228 2417 id
1244 2338 1307 2406 iuo-

340 2438 544 2531 pedimentis,
563 2449 691 2530 prautor
704 2455 757 2506 eas
769 2457 929 2528 annonas,
952 2433 1258 2532 qnanuduurantur,
1276 2431 1312 2504 id

261 2555 264 2562 ’
345 2547 471 2607 tantum
487 2535 626 2633 inspuit
640 2537 813 2608 tribuatur.
840 2533 925 2608 Hoc
939 2533 1009 2626 est,
1034 2533 1232 2624 militibus,
1241 2527 1307 2604 ser·

344 2629 414 2722 nis,
438 2638 615 2730 jumentis.
652 2631 815 2702 Frontini
830 2631 891 2700 lib.
911 2654 966 2702 tr.
985 2654 1061 2724 cup.
1082 2651 1113 2725 3.
1131 2654 1227 2702 num.
1248 2627 1303 2702 18.

344 2737 490 2822 intraque
504 2751 570 2817 eos,
596 2725 910 2817 appropinquantibus
927 2727 1106 2820 quadrigis,
1130 2743 1203 2798 unte
1210 2731 1304 2823 figna

343 2829 447 2920 nodru
471 2830 566 2896 aciem
591 2825 712 2912 recapit.
762 2819 898 2914 Lego,
924 2822 1104 2918 quadrigis,
1129 2829 1303 2922 antqignu·

342 2925 563 2996 nummarium
580 2921 702 3010 recepit.
754 2915 892 2990 Eodem
906 2940 984 3014 cap.
1011 2941 1108 2995 num.
1139 2943 1197 3018 23.
1209 2923 1302 3017 jnffit

331 3025 408 3122 soros
422 3027 555 3118 equites,
572 3018 774 3113 simulatque
789 3015 834 3088 ad
847 3017 1201 3112 impedimentuventum
1210 3025 1302 3116 effer,

342 3124 426 3214 equis
441 3121 568 3212 dostliro.
595 3112 726 3188 Nullus
736 3115 795 3188 hic
804 3115 901 3188 locus
911 3117 1180 3214 impedimentis.
1206 3123 1302 3197 Scri·

338 3219 401 3292 be:
421 3219 521 3313 stmnl
536 3229 628 3310 utque
642 3213 687 3286 ud
703 3213 850 3306 impedita
866 3231 994 3289 ventum
1006 3221 1098 3314 efflt,
1123 3220 1158 3293 id
1177 3219 1300 3312 est,ad

337 3315 447 3413 fultas.
481 3316 540 3388 Sic
559 3335 635 3411 cap.
656 3331 688 3384 2.
707 3316 893 3408 planiciem,
919 3319 1028 3414 inqua
1043 3319 1249 3392 dimicaturus
1265 3340 1298 3390 e*

338 3433 415 3504 rou,
441 3414 603 3486 arboribus
612 3411 778 3508 prostratis
792 3415 967 3508 impedivit.
1002 3415 1168 3513 Sequitur
1184 3421 1219 3488 in
1237 3439 1300 3488 eo·

337 3514 417 3588 dem
436 3515 535 3584 loco:
562 3533 619 3608 quo
627 3533 736 3608 genero
750 3510 918 3608 constratus
934 3513 999 3608 est,
1021 3539 1060 3590 ue
1081 3520 1150 3613 quir
1172 3539 1232 3588 nau
1251 3519 1266 3588 t
1283 3553 1297 3572 ·

337 3638 390 3690 cns
415 3615 482 3704 ejus
509 3611 675 3682 vitiorium
698 3614 880 3685 miraretur.
930 3612 1077 3708 Scripsst
1091 3613 1231 3690 awos:
1257 3639 1294 3688 ne

334 3718 403 3815 quis
418 3715 498 3784 iocus
512 3709 576 3804 ojus
590 3711 757 3783 viitoriam
769 3727 955 3784 moraretur.
973 3747 977 3756 ·
1004 3709 1060 3785 Ut
1075 3713 1152 3788 ille:
1172 3736 1296 3812 pugnare

336 3815 505 3907 nodumque
525 3825 713 3903 moramque.
764 3809 832 3884 Sed
857 3811 928 3884 hoc
952 3809 1055 3889 video
1086 3811 1295 3982 pmoeffiffe

1255 3932 1296 3981 0.
