2948 4628
307 335 351 405 sa
371 325 406 420 J.
431 327 632 406 Poenino
659 323 957 426 Cournxnal

158 490 292 567 colaca
320 491 370 583 it,
395 492 617 591 (agitantem
636 493 786 568 Tacitus
805 495 849 568 de
867 491 1040 572 Frontino
1055 516 1119 570 no·

157 592 240 680 nro)
260 512 538 688 respondetque,
562 617 623 666 non
642 611 743 687 putea
767 619 840 668 nam
863 593 1116 681 Britannorum,

155 715 230 786 quos
252 692 370 764 dicitur
397 691 572 783 deviciffl,
610 696 730 766 nullam
764 698 946 766 mentionem
969 691 1065 764 habet
1087 695 1121 762 in

154 789 439 886 Strategemotr'br'rs
448 811 457 858 e
467 786 522 859 sed
538 811 582 862 ex
594 790 673 886 ipso
689 793 725 863 de
734 791 990 888 Aqaoedosiibus
1006 789 1041 862 C
1042 813 1123 862 om·.

153 889 329 962 mentatio
355 891 432 962 satis
462 885 626 979 constat,
649 887 861 964 Frontinum
888 915 907 962 a
929 887 1033 988 gestis
1052 885 1120 960 suia

152 986 349 1064 enarrandis
372 983 594 1059 abstinuisse:
620 985 725 1084 idque
747 989 847 1062 cordi
868 989 982 1060 multo
1008 987 1119 1086 magis

151 1083 202 1158 illi
218 1085 285 1160 esse
297 1084 422 1158 debuit
438 1084 475 1159 in
491 1084 604 1164 Libro
619 1085 738 1176 edito,
754 1107 922 1199 regnante
939 1087 1116 1161 Domitia·

90 1258 98 1269 ,
153 1207 229 1276 no,
266 1184 481 1281 Imperatore
505 1181 639 1260 scilicet
666 1187 817 1282 egregiis
838 1185 985 1258 aliorum
1012 1185 1117 1284 gestis

153 1279 452 1358 vehementissime
470 1281 661 1354 invidente.

160 1441 166 1450 .
205 1377 275 1453 Vl.
301 1376 456 1474 verum,
482 1399 522 1454 ut
545 1379 753 1474 inmegotio
771 1377 842 1451 hoc
859 1390 961 1450 caute
977 1401 1033 1450 me
1079 1401 1116 1450 e·

151 1499 285 1570 rerem,
311 1475 439 1554 Virum
455 1401 1079 1574 dodiffimum-ccleberrimumqueff

74 1617 79 1628 ·
148 1600 274 1650 annem
301 1575 509 1650 Gratianum
536 1577 740 1652 Primarium
769 1579 806 1649 in
830 1575 902 1650 hoc
920 1571 1116 1672 Gymnafio

147 1673 398 1772 Philosophiae
416 1673 646 1748 Profeuorem
662 1672 841 1762 consuluia
868 1676 1114 1773 quippequem

152 1795 225 1844 non
275 1771 571 1864 hilosophicarum
596 1773 705 1846 modo
733 1771 1031 1872 disputationum,
1057 1770 1114 1843 sed
1154 1752 1168 1784 '

152 1798 394 1963 hujusiemodi
410 1893 550 1967 quoque
565 1894 679 1944 rerum
691 1871 850 1971 judicem
870 1869 1112 1969 peritissimum

88 2053 90 2059 ¹
149 1963 299 2041 sciebam
323 1966 398 2040 effe.
450 1966 514 2040 lile
538 1991 622 2042 vero
643 1969 819 2084 benigne,
845 1991 887 2044 ut
909 1967 1051 2062 assolet,
1074 1970 1112 2041 id

146 2063 247 2138 dedit
261 2063 481 2164 responsum,
506 2065 601 2168 quod
616 2065 757 2170 subject.

135 2251 526 2380 JoaNNas
589 2213 1106 2353 enarramus
1254 2327 1257 2334 ,

255 2481 260 2501 ,
341 2419 420 2490 Vm
447 2419 650 2509 nooman,
676 2417 910 2526 cinnamoque

246 2595 588 2696 JOANNI
652 2588 1012 2676 POLENO

161 2780 199 2846 ln
221 2777 393 2860 Gymuafio
412 2775 561 2843 Paratino
584 2774 761 2944 Mathgeoe
778 2769 942 2842 professori
963 2766 1088 2834 Eximio

524 2877 558 2943 S.
601 2878 636 2947 P.
714 2924 721 2939 .

139 3047 280 3138 Vls.'‚,
405 3037 1102 3134 uaerisame,Vireruditiffime‚putern

253 3194 280 3236 ‚‚
429 3137 1101 3241 mogo,duossuiffeFrontinos,quo·
1317 3220 1324 3228 .

139 3296 167 3338 ‚,
193 3268 271 3318 runt
295 3233 738 3338 aiterdeStrategcmatio,
764 3235 806 3306 de
822 3231 1101 3330 Aquaedusiibu's

140 3391 168 3433 „
191 3343 277 3416 aiter
294 3339 486 3438 scripserit,
512 3363 554 3410 an
573 3361 656 3410 vero
672 3359 759 3408 unus
775 3333 811 3413 ὃς
828 3332 920 3410 idem
937 3333 1098 3426 operisu'·
1173 3348 1186 3362 ‘
1205 3335 1206 3340 ’

143 3487 170 3528 „
192 3437 344 3539 triusquc
367 3437 489 3512 audior
504 3431 557 3507 fit.
608 3433 782 3530 Equidem
808 3429 898 3513 haud
925 3429 1099 3502 existima*

142 3583 172 3627 ‚‚
196 3561 265 3612 rem
281 3563 405 3638 operae
420 3536 484 3610 esse
500 3533 703 3608 sententiam
720 3531 835 3610 dicere
850 3527 928 3625 post
939 3527 1098 3600 Critico·

139 3683 169 3728 „
187 3658 269 3706 rum
291 3635 567 3734 graviiiimorum
591 3632 656 3704 hac
680 3627 723 3702 de
744 3651 781 3704 re
796 3627 929 3726 prolata
943 3626 1098 3723 judicia,

136 3781 167 3826 „
193 3731 256 3803 nist
283 3752 498 3826 permoveret
521 3727 682 3804 voluntas
709 3748 784 3820 tua,
810 3749 897 3828 quae
923 3724 1014 3822 apud
1040 3745 1098 3794 me

135 3883 166 3928 ,ρ
190 3830 305 3920 volere
326 3827 456 3930 semper
478 3831 670 3932 plurimum
688 3824 818 3910 debet.'
852 3821 1008 3918 Qrando
1027 3819 1096 3915 igi·

567 3918 760 4024 ††††3
965 3968 992 4045 ,ρ
1019 3933 1098 4012 tur,
