2948 4628
588 263 1081 400 rnaurarto

357 455 473 514 tamen
486 427 645 533 ingenue
660 426 863 520 fatendum,
887 455 1050 506 unacum
1070 429 1209 531 reliquis
1226 431 1320 506 miii·

170 541 173 562 ¹
267 591 277 602 .
355 538 436 616 tatis
459 531 658 631 disciplinae
682 527 908 627 scriptoribus
934 533 972 605 in
994 550 1135 629 patrum
1156 555 1319 605 avorum*

355 657 424 733 que
450 655 556 716 manu
580 629 742 702 crebrum
767 627 886 721 fuisse,
911 629 991 702 iiico
1018 653 1062 704 ue
1085 631 1181 710 miris
1208 630 1321 704 modis

312 745 316 756 ‘
354 732 570 818 multatum,
596 727 639 801 ab
658 729 698 800 iis
713 729 893 824 inprimis,
916 730 978 826 qui
993 655 1114 822 iibrisl
1127 727 1323 824 destriben·

354 831 408 904 dis
424 826 585 902 destinati
602 825 711 924 fuere.
761 823 809 898 At
826 827 887 924 qui
903 825 1043 900 tandem
1064 817 1114 900 illi
1136 823 1321 900 homines?

355 925 563 1028 praestantes
577 924 676 998 fuisse
693 921 975 1017 confitebimini,
1002 919 1248 1024 ficogitabitis
1265 943 1322 998 tot
1382 985 1385 990 .

356 1027 582 1126 antiquorum
609 1024 770 1116 labores,
794 1041 851 1096 tot
878 1019 992 1096 omnis
1014 1023 1151 1122 generis
1176 1022 1322 1124 scripta,

356 1118 427 1200 una
452 1123 598 1198 istorum
624 1145 731 1222 opera
752 1119 929 1198 vindicata
952 1120 995 1196 ab
1012 1121 1181 1213 interitu,
1206 1122 1243 1196 δι’
1259 1147 1324 1196 no·

356 1213 411 1298 bis
432 1219 525 1322 quali
550 1245 613 1320 per
633 1237 754 1294 manus
786 1220 926 1294 tradita.
974 1217 1231 1296 Verumtamen
1254 1219 1322 1294 fre·

357 1341 505 1420 quanter
520 1317 657 1394 eosdem
676 1317 831 1418 peccasse
855 1318 963 1420 nostri
988 1319 1183 1394 clamitant.
1207 1317 1243 1392 id
1263 1344 1323 1418 ραι

355 1427 443 1494 riter
466 1443 549 1494 cum
574 1419 614 1491 iis
636 1415 836 1508 confiteor,
859 1411 896 1490 &
916 1416 1046 1492 fuitum
1063 1417 1208 1492 nollem.
1224 1419 1323 1491 deni·

381 1541 424 1591 ue
442 1541 523 1590 cum
540 1514 753 1609 barbariem,
776 1536 854 1588 tum
869 1509 1046 1590 audaciam
1068 1523 1210 1614 quoque
1229 1515 1324 1590 caus·

353 1541 408 1692 iae
423 1611 522 1689 fuiffe
547 1638 619 1688 non
642 1611 717 1687 sitm
740 1612 891 1688 nescius:
921 1615 1058 1688 interim
1083 1613 1235 1688 dandum
1261 1613 1323 1687 ali·

357 1712 443 1813 quid
469 1711 524 1787 isti
552 1711 692 1804 seculo,
716 1713 821 1786 etiam
849 1713 1014 1788 oneribus
1039 1711 1179 1786 illorum
1207 1713 1324 1787 homi·

327 1815 446 1908 'num
479 1812 624 1909 privatis
654 1803 819 1884 nonnihil
849 1811 1120 1886 condonandum
1161 1807 1324 1886 arbitror.

361 1909 459 2008 quod
483 1909 658 2009 reliquum
684 1909 757 2002 est,
783 1909 999 2007 optandum,
1024 1923 1065 1985 ut
1083 1929 1326 2009 quaecumque

360 2005 507 2082 istorum
532 2033 577 2082 ne
605 2006 751 2106 ligentia
777 2003 1062 2102 contaminavit,
1085 2008 1226 2083 audacia
1246 2033 1324 2108 per·

360 2109 492 2197 vertit,
515 2105 562 2180 do
601 2107 717 2182 iorum
741 2105 845 2202 hujus
869 2107 945 2180 aevi
968 2106 1152 2204 diligentia
1170 2131 1324 2206 purgen-

364 2223 446 2296 tur,
472 2207 696 2316 corrigantur
720 2203 895 2278 industria.
942 2197 1092 2280 Habetis
1108 2229 1224 2280 meum
1241 2230 1327 2305 qua·
1456 2265 1457 2272 ,

360 2302 549 2404 locumque
566 2301 738 2405 judicium
759 2291 844 2417 (iiye
862 2301 987 2475 ‘ssini‘’
1002 2303 1065 2418 est)
1091 2304 1143 2379 de*
1151 2305 1248 2380 libris
1266 2327 1325 2417 ve·

360 2421 497 2478 terum:
523 2403 568 2478 de
584 2399 883 2516 Conjeitanetszht
899 2423 940 2476 ce
954 2402 1248 2525 nostrrlaovestrunm
1266 2403 1325 2477 itr-

360 2497 440 2576 dem
475 2495 696 2618 easpeeiabo.
726 2499 915 2616 ¹⁰.q⁰!b⁰.⁵
940 2493 1005 2576 etii
1030 2499 1168 2632 leviora
1184 2524 1326 2622 quoqne

360 2599 603 2698 adspersertm,
626 2601 683 2673 seu
702 2619 820 2710 potrus
838 2599 1006 2698 indigna,
1022 2601 1066 2673 de
1082 2599 1207 2696 quibus
1223 2594 1328 2712 verba

363 2696 513 2810 florenta
537 2715 712 2790 attamen,
740 2695 803 2768 nrfi
817 2719 886 2796 ego
903 2693 1128 2811 vehementer
1148 2720 1248 2810 erro,
1274 2722 1327 2770 nt·

230 2927 232 2930 ·
363 2789 418 2967 ῗὲέ
431 2792 744 2992 institit
761 2814 842 2988 ii?
851 2793 1327 2970 iiiitsttt‘siittit

364 2989 433 3064 esse
456 2985 695 3084 intellexero,
721 2991 811 3104 milii
837 2989 896 3065 sus
913 3017 957 3066 ue
979 2923 1091 3094 <itque
1116 2996 1213 3088 erit,
1244 2992 1329 3092 quid

366 3079 435 3164 lint
450 3089 655 3187 probaturi,
678 3088 764 3188 quid
781 3017 1014 3190 rmproiraturi
1025 3094 1151 3171 ceteri.
1191 3093 1331 3171 Valere.

367 3185 415 3272 A.
438 3208 699 3271 ctammxrv.
