2948 4628
387 323 424 400 S.
446 319 481 416 J.
504 321 710 400 Fronrno
736 317 845 394 vrri
871 339 897 391 u
919 317 954 412 J.
978 291 1142 392 potino
1167 319 1297 400 Coun}

358 489 467 574 11.,de
483 494 533 566 Re
548 487 695 560 Mirari
710 473 788 578 'cap
814 501 845 578 3.
864 479 949 552 haec
965 476 1070 554 habet
1078 511 1092 566 r
1117 480 1213 554 Neon
1223 487 1317 558 unius

354 595 471 660 aetatis
481 589 575 688 fient,
600 607 678 678 quoe
684 583 816 675 fortiter
824 579 933 676 fiunt,
959 601 1037 674 quae
1064 603 1138 653 vero
1154 601 1213 675 pro
1227 585 1317 652 utili·

353 699 422 759 tate
439 684 637 778 Reipublicae
653 679 859 774 scribuntur,
883 693 1011 751 attona
1025 677 1115 774 suunt.
1165 682 1253 754 Idem
1260 677 1316 774 fe·

351 798 459 858 cerum
473 786 530 852 alii
547 782 732 871 complures,
748 775 809 872 sed
826 784 991 871 praecipue
1008 779 1197 872 Frontinus,
1222 781 1315 862 Diuo

352 876 489 974 Trojano
504 880 544 951 ab
558 875 702 971 ejusmodi
715 878 925 968 eonprobnrus
940 876 1111 966 industria:
1139 879 1222 950 hinc
1238 878 1316 976 plu-

352 1003 388 1052 ra
414 999 480 1072 pro
505 973 738 1071 Reipublicae
768 975 919 1046 utilitate
952 973 1164 1047 Frontinum
1189 976 1315 1050 litteris

353 1072 586 1162 mandavisse,
626 1074 802 1166 conjicere
831 1069 1018 1170 poffumus.
1070 1072 1170 1146 Adde
1194 1093 1313 1148 autem

352 1175 493 1270 majoris
518 1172 651 1244 roboris
675 1170 918 1268 probationem
944 1193 987 1242 ex
1013 1171 1053 1242 iis
1069 1171 1203 1262 verbis,
1227 1195 1315 1270 quae

353 1271 547 1344 Frontinus
574 1268 643 1369 ipse
667 1273 702 1340 in
731 1271 808 1342 Art.
824 1292 871 1340 ·2.
912 1267 1177 1344 Commentarii
1200 1273 1237 1344 de
1261 1275 1314 1344 A·

229 1375 233 1384 '
355 1371 577 1466 quaeduiiibus
592 1365 749 1465 scripsit,
774 1371 808 1440 in
823 1369 896 1440 aliis
912 1384 1016 1440 autern
1031 1371 1140 1460 libris,
1186 1393 1239 1443 uos
1247 1371 1314 1465 post

355 1469 633 1562 experimenta&
650 1468 737 1562 usuum
753 1466 903 1562 cmpoflui
918 1465 989 1539 &o
1015 1465 1142 1561 quibus
1156 1395 1317 1545 dorver-

353 1567 407 1639 bis
423 1591 528 1664 opera
546 1568 644 1664 plura
662 1563 868 1637 indicantur.
920 1566 990 1655 At,
1016 1566 1089 1637 fato
1112 1565 1315 1658 invidente,

295 1667 303 1674 '
354 1659 465 1736 multa
480 1665 753 1749 interciderunt,
779 1685 865 1756 quae
881 1673 1002 1734 tamen'
1018 1664 1182 1762 ignotum
1199 1661 1271 1750 est,
1290 1664 1315 1738 fi

356 1765 512 1860 excipias
531 1763 658 1836 Libros
675 1765 712 1834 de
727 1765 778 1835 Re
792 1761 962 1855 Militari,
986 1781 1092 1859 atque
1107 1763 1240 1862 opusde
1250 1759 1315 1838 tt-

355 1865 434 1932 tiica
449 1865 582 1935 Homeri
594 1881 725 1955 tempore
740 1866 877 1956 nstrata,
901 1858 944 1932 de
966 1860 1092 1959 quibus
1112 1861 1265 1936 diximus
1280 1864 1317 1936 io

356 1981 433 2056 cap.
458 1958 582 2032 micci.
608 1981 661 2054 14.
680 1959 718 2032 ἃ
738 1967 815 2031 ι6.’
1073 1989 1077 1998 ·

405 2059 473 2131 IX.
499 2057 620 2131 Locus
643 2080 726 2129 vero
750 2057 810 2130 iric
832 2051 915 2129 esset
930 2055 1124 2131 recensendi
1140 2055 1247 2132 fustus
1261 2079 1315 2128 er-

356 2179 449 2230 tores
463 2179 608 2245 eorum,
634 2156 693 2250 qui
711 2153 780 2228 five
794 2178 838 2225 ex
858 2155 1090 2250 praejudicata
1105 2155 1218 2250 aliquo
1235 2153 1314 2251 opi·

356 2255 484 2346 nione,
510 2253 579 2326 srve
602 2277 646 2326 ex
668 2253 800 2325 incuria
816 2254 929 2324 varios
945 2252 1135 2324 Frontinus
1151 2275 1216 2349 pro
1242 2271 1314 2326 uno

357 2350 542 2426 dumtaxat
559 2353 728 2438 habuere,
756 2349 792 2421 &
806 2372 927 2422 eorum
944 2349 1071 2444 etiam,
1095 2351 1155 2449 qui
1173 2351 1315 2422 nomina

356 2452 612 2524 Frontinorum
629 2473 807 2548 perperam
825 2473 906 2523 cum
924 2449 1147 2524 Frontonum
1163 2447 1315 2522 nomini·

358 2551 422 2628 bus
447 2549 704 2624 confuderunt:
731 2551 799 2640 ita,
826 2547 935 2622 caussa
962 2550 1141 2644 exempli,
1162 2545 1315 2639 Jacobus

357 2649 517 2720 Gaddius
532 2652 568 2718 in
584 2649 693 2721 Tom.
714 2647 740 2713 1.
758 2649 796 2714 de
812 2649 1020 2736 Scriptoribus
1042 2667 1102 2718 aaut
1122 2639 1315 2736 Eeonssastt-

356 2751 400 2816 cis
425 2767 505 2840 pag.
532 2761 612 2832 ¹93·
633 2737 765 2832 scripsit
790 2737 902 2830 haec,
943 2743 1110 2812 Frontinus
1132 2743 1316 2815 Auxandro

358 2845 475 2916 Severa
498 2837 629 2934 Caesari
651 2837 696 2906 ad
719 2858 766 2906 res
787 2839 1001 2930 componendos
1016 2836 1089 2930 fuit
1113 2841 1313 2932 ueip'urnent03

358 2935 439 3010 inde
454 2959 537 3008 vero
554 2935 636 3004 huic
654 2931 765 3006 eidem
782 2933 956 3008 Frontino
971 2937 1084 3008 Libros
1099 2939 1313 3035 Strategema·

358 3053 427 3109 turn
442 3032 586 3122 tribuit,
613 3032 649 3103 δε
665 3031 840 3104 Lucienus
855 3034 890 3106 in
906 3033 1028 3134 Opere
1043 3037 1081 3107 de
1105 3033 1315 3133 conscribenda

355 3133 502 3226 Historia
518 3127 979 3232 animaduertit,fuiiie,qui
997 3131 1121 3208 eodem
1139 3135 1313 3232 perdione

360 3231 762 3320 Graeci,Romanorum
780 3233 920 3302 nomina
936 3228 1141 3324 efferret,&
1158 3235 1313 3307 Phronti-

358 3333 561 3405 nundinetur
576 3331 769 3404 Frontonem.
795 3329 863 3405 Sed
875 3331 1037 3426 quoniam
1047 3329 1313 3406 iaudatusMor-

358 3453 492 3529 gagous
509 3427 625 3504 noster
640 3429 675 3500 in
696 3427 850 3525 Epistola
872 3427 1024 3527 superius
1048 3427 1182 3526 postca,
1209 3451 1314 3526 quae·

359 3551 512 3623 cumque
527 3551 569 3599 ex
588 3529 660 3600 hoc
675 3549 801 3624 genere
816 3525 857 3598 ad
878 3531 953 3624 eius
975 3547 1222 3628 argumentum
1240 3523 1314 3628 spe·

287 3696 292 3711 ,
357 3625 520 3716 dabant,
545 3625 594 3697 est
617 3627 752 3722 optime
775 3623 995 3725 persecutus,
1022 3625 1154 3706 iccirco
1182 3627 1240 3703 hic
1258 3651 1313 3701 ea·

358 3725 435 3800 dim
457 3747 527 3804 non
545 3721 755 3798 iterabimus.

1235 3921 1316 4018 Jo-
