2948 4628
295 327 321 382 n
342 307 379 406 J.
402 307 608 405 Poncrtp
632 304 927 385 Comnexrn.

132 477 357 562 „mennon
379 470 503 564 video,
529 469 613 571 quid
636 467 775 544 tandem
800 491 845 544 ex
862 470 917 543 hit
933 457 1095 550 omnibus

131 613 159 661 „
183 591 257 640 non
280 570 470 646 conveniat
488 570 674 644 Frontino.
725 568 824 646 Nam
846 570 944 666 quod
973 567 1097 645 bellica

131 713 160 758 „
183 663 285 739 laude
299 664 459 764 plurimis
473 685 552 740 eote
565 670 661 742 annis
677 667 866 762 floruerat,
882 669 920 742 &
939 666 1103 748 Silurum,

129 763 158 857 ,'',
184 783 328 862 gentem
356 763 558 864 subegerat3
584 789 668 838 num
683 785 868 873 propterea
883 765 951 841 inse
977 770 1097 842 uenti·

130 911 160 956 „
184 863 274 954 bus,
299 861 377 937 suos
399 864 490 938 inter
508 865 600 946 cives
615 868 707 962 pacis
722 865 854 948 artibus
870 791 978 941 viciffi

133 1005 161 1052 ‚,
183 960 328 1054 cellere,
354 961 393 1036 δε
414 961 598 1062 postmmis'
617 963 767 1060 denique
784 963 899 1056 annis,
924 989 1028 1058 cura,
1052 990 1094 1040 ac

132 1109 161 1152 „
184 1060 368 1160 vigilantia
382 1058 439 1135 sua
453 1060 562 1154 bene,
577 1083 617 1134 ac
636 1059 776 1135 fortiter
791 1061 835 1134 de
848 1061 1002 1162 Trojano
1021 1087 1099 1138 me·
1189 1090 1194 1100 ·

132 1208 161 1251 „
185 1161 252 1232 reri
278 1183 351 1232 non
377 1162 498 1262 potuit
523 1163 560 1238 in
586 1159 693 1256 toga?
720 1161 812 1232 Non
835 1161 985 1256 opinor,
1010 1185 1094 1238 cutn

130 1305 159 1349 „
186 1251 319 1330 Plinius
333 1258 374 1330 ad
389 1260 554 1334 Severum
570 1255 706 1356 sc-ri'pfit
716 1270 733 1350 ,⁴
754 1257 787 1328 se
803 1258 840 1329 in
854 1257 999 1330 Curiani
1015 1285 1099 1334 cau·

981 889 1099 946 fflex·
1197 884 1206 901 ⁶

132 1404 161 1446 „
187 1354 219 1428 sa
231 1355 447 1452 adhideiffltin
462 1358 888 1454 confiliumdurs,qteostenc
902 1357 1101 1454 civitarspe·
1149 1411 1155 1424 .
1210 1357 1215 1365 “

131 1502 161 1545 „
185 1455 361 1547 tietiffimrs
383 1456 516 1547 babuit,
549 1457 735 1546 Cerealem,
760 1453 804 1538 &t
827 1455 1033 1544 Frontinum,
1061 1456 1099 1528 δε

131 1601 160 1645 „
186 1573 231 1628 ex
254 1577 377 1627 eorum
399 1553 566 1629 sententie
578 1552 767 1652 judictffe3
794 1551 850 1626 vel
866 1574 949 1626 curn
966 1551 1007 1625 ad
1028 1553 1100 1626 At-

134 1699 161 1742 „
185 1653 347 1743 rianum‚
363 1651 529 1750 sttcceffiffl
552 1653 586 1725 se
602 1653 639 1736 in
654 1654 842 1751 Augutatu
859 1651 952 1746 Julio
968 1653 1102 1724 Fronti-

134 1798 163 1841 „
186 1775 246 1841 rto,
264 1755 401 1844 prinaipi
414 1757 509 1840 viret
534 1775 630 1842 non,
654 1753 817 1848 inquam,
841 1749 991 1844 opinor,
1010 1770 1098 1823 tunc

134 1895 163 1944 „
188 1845 488 1946 speuattffimum,
528 1850 566 1926 &
618 1849 788 1947 riecipem
813 1849 928 1922 virum
953 1847 990 1922 in
1014 1841 1098 1956 sago

130 1947 160 2038 ‚,'
186 1945 300 2038 dixit,
323 1944 381 2020 sed
398 1950 435 2020 in
451 1967 547 2048 toga.
575 1873 902 2045 {ttidverbis'opus
919 1945 992 2020 est?
1010 1947 1099 2024 Pto·

130 2095 158 2140 „
183 2049 323 2119 curatio
340 2045 543 2143 Aquatum,
568 2071 622 2123 res
643 2047 862 2142 administrata
873 2067 933 2142 per
945 2049 1099 2140 principes

131 2195 160 2238 „
176 2145 301 2242 seraper
325 2149 469 2221 ciuitatii
490 2153 598 2239 uiros,
632 2143 854 2220 Officiumne
876 2163 970 2232 etat,
1001 2145 1097 2243 quod

132 2291 161 2332 „
185 2267 259 2316 non
286 2265 366 2318 ato
413 2266 475 2337 to,
500 2244 556 2320 scd
585 2246 764 2320 amiliteri
790 2243 1106 2316 omninohomine·
1151 2297 1153 2302 .

136 2385 164 2428 rr
189 2361 381 2505 gereretur.
398 2345 488 2416 Non
505 2363 632 2416 contta
648 2345 704 2414 vel
718 2341 788 2437 ipsa
797 2341 1014 2414 Curatotutn
1023 2343 1100 2412 Ta-

135 2482 166 2527 „
217 2435 295 2523 ula,
318 2459 339 2504 a
361 2455 419 2524 te,
440 2439 509 2508 Vir
535 2439 795 2524 Eruditiffime,
814 2457 855 2508 ut
879 2457 938 2508 tot
964 2437 1048 2508 aliae
1066 2440 1104 2508 in

137 2579 167 2623 „
193 2549 253 2606 tua
269 2529 332 2604 ista
348 2533 475 2604 eximia
492 2532 657 2604 Frontini
671 2531 847 2623 editione,
872 2531 1105 2626 &diligenter

135 2681 164 2722 ‚,
187 2631 420 2722 concinnata,
445 2629 484 2704 ὅ(
508 2627 614 2704 doute
629 2628 815 2721 illustrata,
840 2631 934 2714 inter
949 2629 1104 2702 curato-

135 2777 162 2820 „
187 2751 239 2802 res
262 2729 380 2818 fuine,
406 2727 578 2818 ostendit,
604 2729 663 2825 qui
688 2727 830 2828 Legum
861 2729 1006 2825 petitio,
1032 2729 1105 2800 stu·

134 2823 162 2920 „'
186 2825 318 2926 diisque
341 2827 503 2901 civilibus
524 2825 784 2926 principem'in
810 2827 955 2901 civitate
980 2829 1099 2900 locum

133 2975 161 3017 „
186 2948 286 3000 etant
301 2926 467 3000 assecuti?
493 2927 598 3001 Hanc
620 2931 739 3020 autent
762 2929 943 3025 Aquttum
963 2928 1100 3000 Ptocu·

132 3041 169 3118 „'
185 3027 357 3099 tationem
381 3027 426 3096 ad
450 3027 559 3122 ustam,
584 3043 652 3100 tum
672 3027 720 3096 ad
737 3025 980 3120 salubritatem,
1004 3041 1102 3123 atque

132 3170 159 3215 „
183 3127 281 3198 etiam
312 3125 358 3197 ad
379 3123 582 3220 securitatem
616 3125 715 3196 Urbis
739 3129 962 3217 pertinentem,
1003 3145 1100 3198 certe

15 3303 16 3312 χ
133 3221 161 3314 ,3
186 3219 538 3322 Frontinue,utpote
552 3221 615 3300 tbi
632 3247 650 3294 a
667 3223 792 3295 Nerva
808 3221 1100 3321 injundlam,jant

135 3325 162 3414 ,3
187 3318 1100 3418 ferebiennium⁰geffetatsubimperatoieTrnjano,
1190 3329 1194 3340 ’

137 3471 165 3514 „
188 3443 296 3534 eaque
320 3417 412 3510 fide,
448 3443 490 3493 ec
509 3417 733 3494 solicitudine
756 3417 924 3516 gesserat,
966 3443 1033 3518 qua
1054 3445 1100 3498 ex

136 3570 165 3613 ‚,
189 3520 293 3615 ipltus
308 3517 576 3594 Commentario
591 3517 823 3616 intelligitur,
837 3536 880 3590 ut
898 3539 980 3592 cum
997 3520 1101 3593 innu-

137 3668 166 3712 „
193 3641 299 3691 meras
318 3615 452 3691 fraudes
465 3615 520 3690 vel
530 3611 733 3713 periffensas
747 3615 1101 3716 retextffeumagno-

139 3769 165 3811 „
192 3738 262 3813 que
283 3739 364 3787 cum
382 3715 618 3814 Reipublicae
641 3713 882 3793 emolumento
900 3714 1101 3806 sustulisset,
1131 3731 1151 3763 ⁶

138 3822 164 3910 „‘
190 3813 373 3909 videatur,
397 3813 514 3922 liquis
529 3816 635 3911 aliut,
661 3834 748 3887 tune
761 3813 890 3916 dignus
911 3813 1034 3908 finde,
1059 3831 1104 3886 ut

636 3909 793 4019 ,ΗΜ
1015 3907 1168 4007 „u
